% Encoding: UTF-8

@Article{AkessonToivonen2006,
  author =    {{\AA}kesson, Bernt M and Toivonen, Hannu T},
  title =     {A neural network model predictive controller},
  journal =   {Journal of Process Control},
  year =      {2006},
  volume =    {16},
  number =    {9},
  pages =     {937--946},
  publisher = {Elsevier}
}

@Article{AkessonToivonenWallerEtAl2005,
  author =    {{\AA}kesson, Bernt M and Toivonen, Hannu T and Waller, Jonas B and Nystr{\"o}m, Rasmus H},
  title =     {Neural network approximation of a nonlinear model predictive controller applied to a pH neutralization process},
  journal =   {Computers \& chemical engineering},
  year =      {2005},
  volume =    {29},
  number =    {2},
  pages =     {323--335},
  publisher = {Elsevier}
}

@Article{AkpanHassapis2011,
  author =    {Akpan, Vincent A and Hassapis, George D},
  title =     {Nonlinear model identification and adaptive model predictive control using neural networks},
  journal =   {ISA transactions},
  year =      {2011},
  volume =    {50},
  number =    {2},
  pages =     {177--194},
  publisher = {Elsevier}
}

@InProceedings{BehlJainMangharam2016,
  author =        {Behl, Madhur and Jain, Achin and Mangharam, Rahul},
  title =         {Data-driven modeling, control and tools for cyber-physical energy systems},
  booktitle =     {2016 ACM/IEEE 7th International Conference on Cyber-Physical Systems (ICCPS)},
  year =          {2016},
  pages =         {1--10},
  organization =  {IEEE},
  __markedentry = {[Achin:6]}
}

@Article{BemporadMorariDuaEtAl2002,
  author =    {Bemporad, Alberto and Morari, Manfred and Dua, Vivek and Pistikopoulos, Efstratios N},
  title =     {The explicit linear quadratic regulator for constrained systems},
  journal =   {Automatica},
  year =      {2002},
  volume =    {38},
  number =    {1},
  pages =     {3--20},
  publisher = {Elsevier}
}

@Book{BreimanFriedmanStoneEtAl1984,
  title =     {Classification and regression trees},
  publisher = {CRC press},
  year =      {1984},
  author =    {Breiman, Leo and Friedman, Jerome and Stone, Charles J and Olshen, Richard A}
}

@Article{CavagnariMagniScattolini1999,
  author =    {Cavagnari, L and Magni, Lalo and Scattolini, Riccardo},
  title =     {Neural network implementation of nonlinear receding-horizon control},
  journal =   {Neural computing \& applications},
  year =      {1999},
  volume =    {8},
  number =    {1},
  pages =     {86--92},
  publisher = {Springer}
}

@Article{DahlYuDengEtAl2012,
  author =    {Dahl, George E and Yu, Dong and Deng, Li and Acero, Alex},
  title =     {Context-dependent pre-trained deep neural networks for large-vocabulary speech recognition},
  journal =   {Audio, Speech, and Language Processing, IEEE Transactions on},
  year =      {2012},
  volume =    {20},
  number =    {1},
  pages =     {30--42},
  publisher = {IEEE}
}

@Article{DeruFieldStuderEtAl2011,
  author =    {Deru, Michael and Field, Kristin and Studer, Daniel and Benne, Kyle and Griffith, Brent and Torcellini, Paul and Liu, Bing and Halverson, Mark and Winiarski, Dave and Rosenberg, Michael and others},
  title =     {US Department of Energy commercial reference building models of the national building stock},
  year =      {2011},
  publisher = {National Renewable Energy Laboratory}
}

@Article{FerreiraRuanoSilvaEtAl2012,
  author =    {Ferreira, PM and Ruano, AE and Silva, S and Conceicao, EZE},
  title =     {Neural networks based predictive control for thermal comfort and energy savings in public buildings},
  journal =   {Energy and Buildings},
  year =      {2012},
  volume =    {55},
  pages =     {238--251},
  publisher = {Elsevier}
}

@Article{Friedman1991,
  author =    {Friedman, Jerome H},
  title =     {Multivariate adaptive regression splines},
  journal =   {The annals of statistics},
  year =      {1991},
  pages =     {1--67},
  publisher = {JSTOR}
}

@InProceedings{GravesMohamedHinton2013,
  author =       {Graves, Alan and Mohamed, Abdel-rahman and Hinton, Geoffrey},
  title =        {Speech recognition with deep recurrent neural networks},
  booktitle =    {Acoustics, Speech and Signal Processing (ICASSP), 2013 IEEE International Conference on},
  year =         {2013},
  pages =        {6645--6649},
  organization = {IEEE}
}

@Article{HastieTibshiraniFriedmanEtAl2005,
  author =    {Hastie, Trevor and Tibshirani, Robert and Friedman, Jerome and Franklin, James},
  title =     {The elements of statistical learning: data mining, inference and prediction},
  journal =   {The Mathematical Intelligencer},
  year =      {2005},
  volume =    {27},
  number =    {2},
  pages =     {83--85},
  publisher = {Springer}
}

@Article{HintonDengYuEtAl2012,
  author =    {Hinton, Geoffrey and Deng, Li and Yu, Dong and Dahl, George E and Mohamed, Abdel-rahman and Jaitly, Navdeep and Senior, Andrew and Vanhoucke, Vincent and Nguyen, Patrick and Sainath, Tara N and others},
  title =     {Deep neural networks for acoustic modeling in speech recognition: The shared views of four research groups},
  journal =   {Signal Processing Magazine, IEEE},
  year =      {2012},
  volume =    {29},
  number =    {6},
  pages =     {82--97},
  publisher = {IEEE}
}

@Article{KittisupakornThitiyasookHussainEtAl2009,
  author =    {Kittisupakorn, Paisan and Thitiyasook, Piyanuch and Hussain, MA and Daosud, Wachira},
  title =     {Neural network based model predictive control for a steel pickling process},
  journal =   {Journal of Process Control},
  year =      {2009},
  volume =    {19},
  number =    {4},
  pages =     {579--590},
  publisher = {Elsevier}
}

@Article{KusiakSongZheng2009,
  author =    {Kusiak, Andrew and Song, Zhe and Zheng, Haiyang},
  title =     {Anticipatory control of wind turbines with data-driven predictive models},
  journal =   {Energy Conversion, IEEE Transactions on},
  year =      {2009},
  volume =    {24},
  number =    {3},
  pages =     {766--774},
  publisher = {IEEE}
}

@InProceedings{OleariFrejoCamachoEtAl2015,
  author =       {Oleari, Alberto Nai and Frejo, Jose Ramon D and Camacho, Eduardo F and Ferrara, Antonella},
  title =        {A model predictive control scheme for freeway traffic systems based on the classification and regression trees methodology},
  booktitle =    {Control Conference (ECC), 2015 European},
  year =         {2015},
  pages =        {3459--3464},
  organization = {IEEE}
}

@InProceedings{PanWang2008,
  author =       {Pan, Yunpeng and Wang, Jun},
  title =        {Two neural network approaches to model predictive control},
  booktitle =    {American Control Conference, 2008},
  year =         {2008},
  pages =        {1685--1690},
  organization = {IEEE}
}

@Book{Quinlan2014,
  title =     {C4. 5: programs for machine learning},
  publisher = {Elsevier},
  year =      {2014},
  author =    {Quinlan, J Ross}
}

@Book{Ripley2007,
  title =     {Pattern recognition and neural networks},
  publisher = {Cambridge university press},
  year =      {2007},
  author =    {Ripley, Brian D}
}

@Article{SilverHuangMaddisonEtAl2016,
  author =    {Silver, David and Huang, Aja and Maddison, Chris J and Guez, Arthur and Sifre, Laurent and van den Driessche, George and Schrittwieser, Julian and Antonoglou, Ioannis and Panneershelvam, Veda and Lanctot, Marc and others},
  title =     {Mastering the game of Go with deep neural networks and tree search},
  journal =   {Nature},
  year =      {2016},
  volume =    {529},
  number =    {7587},
  pages =     {484--489},
  publisher = {Nature Publishing Group}
}

@InProceedings{StruyfDzeroski2005,
  author =        {Struyf, Jan and D{\v{z}}eroski, Sa{\v{s}}o},
  title =         {Constraint based induction of multi-objective regression trees},
  booktitle =     {International Workshop on Knowledge Discovery in Inductive Databases},
  year =          {2005},
  pages =         {222--233},
  organization =  {Springer},
  __markedentry = {[Achin:]}
}


@Article{WangYuGommEtAl2006,
  author =    {Wang, SW and Yu, DL and Gomm, JB and Page, GF and Douglas, SS},
  title =     {Adaptive neural network model based predictive control for air--fuel ratio of SI engines},
  journal =   {Engineering Applications of Artificial Intelligence},
  year =      {2006},
  volume =    {19},
  number =    {2},
  pages =     {189--200},
  publisher = {Elsevier}
}
