@misc{annex53,
  title={EBC Annex 53 Total Energy Use in Buildings: Analysis \& Evaluation Methods},
  author={EBC:Energy in Buildings and Communities Programme},
  year = {2013}
}

@book{construction2010energy,
  title={Energy efficiency trends in residential and commercial buildings},
  author={Construction, McGraw-Hill},
  year={2010},
  publisher={US Department of Energy, Energy Efficiency and Renewable Energy}
}


@article{Mulhall2014327,
title = "Energy price risk and the sustainability of demand side supply chains ",
journal = "Applied Energy ",
volume = "123",
number = "0",
pages = "327 - 334",
year = "2014",
note = "",
issn = "0306-2619"
}

@article{Behl201630,
title = "DR-Advisor: A data-driven demand response recommender system ",
journal = "Applied Energy ",
volume = "170",
number = "",
pages = "30 - 46",
year = "2016",
note = "",
issn = "0306-2619",
doi = "http://dx.doi.org/10.1016/j.apenergy.2016.02.090",
url = "http://www.sciencedirect.com/science/article/pii/S030626191630246X",
author = "Madhur Behl and Francesco Smarra and Rahul Mangharam",
keywords = "Demand response",
keywords = "Regression trees",
keywords = "Data-driven control",
keywords = "Machine learning",
keywords = "Electricity curtailment",
keywords = "Demand side management "
}


@ARTICLE{costmpc, 
author={Sturzenegger, D. and Gyalistras, D. and Morari, M. and Smith, R.S.}, 
journal={Control Systems Technology, IEEE Transactions on}, 
title={Model Predictive Climate Control of a Swiss Office Building: Implementation, Results, and Cost-Benefit Analysis}, 
year={2015}, 
month={}, 
volume={PP}, 
number={99}, 
pages={1-1}, 
 doi={10.1109/TCST.2015.2415411}, 
ISSN={1063-6536}
}

@article{new2012autotune,
  title={Autotune e+ building energy models},
  author={Joshua R and Sanyal, Jibonananda and Bhandari, Mahabir and Shrestha, Som},
journal = {Proceedings of the 5th National SimBuild of IBPSA-USA},
year = {2012} 
}

@article{giraud1998beyond,
  title={Beyond predictive accuracy: what?},
  author={C Giraud-Carrier},
   journal={Proc. ECML Workshop on Upgrading Learning to Meta-Level: Model Selection and Data Transformation},
  pages={78--85},
  year={1998}
}

@INPROCEEDINGS{KiliccoteEtAl06aca,
  author = {Kiliccote, S. and Piette, M.A. and Hansen, D.},
  title = {Advanced controls and communications for demand response and energy
	efficiency in commercial buildings},
  booktitle = {Second Carnegie Mellon Conf. in Elec. Power Sys.},
  year = {2006},
}

@ARTICLE{LeeEtAl08dom,
  author = {Kyoung-ho Lee and James E. Braun},
  title = {Development of methods for determining demand-limiting setpoint trajectories in buildings using short-term measurements},
  journal = {Building and Environment},
  year = {2008},
  volume = {43},
  number = {10},
}

@INPROCEEDINGS{MaEtAl10mpc,
  author = {Yudong Ma and Borrelli, F. and Hencey, B. and Coffey, B. and Bengea,
	S. and Haves, P.},
  title = {Model predictive control for the operation of building cooling systems},
  booktitle = {Proc. {ACC}'10},
  year = {2010},
  pages = {5106--5111},
}

@INPROCEEDINGS{OldewurtelEtAl10rpe,
  author = {Oldewurtel, Frauke and Ulbig, Andreas and Parisio, Alessandra and
	Andersson, Goran and Morari, Manfred},
  title = {Reducing peak electricity demand in building climate control using
	real-time pricing and model predictive control},
  booktitle = {Proc. {IEEE} {CDC}'10},
  year = {2010},
  pages = {1927--1932},
}

@article{Hou2013,
	title   = {From model-based control to data-driven control: Survey, classification and perspective},
	journal = {Information Sciences},
	volume  = {235},
	number  = {},
	pages   = {3--35},
	year    = {2013},
	author  = {Z.-S. Hou and Z. Wang}
}

@article{Costanzo2016,
	title   = {Experimental analysis of data-driven control for a building heating system},
	journal = {Sustainable Energy, Grids and Networks},
	volume  = {6},
	number  = {},
	pages   = {81--90},
	year    = {2016},
	author  = {G.T. Costanzo and S. Iacovella and F. Ruelens and T. Leurs and B.J. Claessens}
}

@InProceedings{JainACC2017,
  author       = {Jain, Achin and Behl, Madhur and Mangharam, Rahul},
  title        = {{D}ata {P}redictive {C}ontrol for building energy management},
  booktitle    = {Proceedings of the 2017 American Control Conference},
  year         = {2017},
  organization = {IEEE},
}

@InProceedings{JainCDC2017,
	author       = {Jain, Achin and Smarra, Francesco and Mangharam, Rahul},
	title        = {{D}ata {P}redictive {C}ontrol using Regression Trees and Ensemble Learning},
	booktitle    = {Proceedings of the 2017 Conference on Decision and Control},
	year         = {2017},
	organization = {IEEE},
}

@InProceedings{JainBuildsys2016,
	author       = {Jain, Achin and Behl, Madhur and Mangharam, Rahul},
	title        = {{D}ata {P}redictive {C}ontrol for Peak Power Reduction},
	booktitle    = {3rd ACM International Conference on Systems for Energy-Efficient Built Environments (BuildSys)},
	year         = {2016},
	organization = {},
}
